@Article{Einstein,
  author =       "Albert Einstein",
  title =        "{Zur Elektrodynamik bewegter K{\"o}rper}. ({German})
                 [{On} the electrodynamics of moving bodies]",
  journal =      "Annalen der Physik",
  volume =       "322",
  number =       "10",
  pages =        "891--921",
  year =         "1905",
  DOI =          "http://dx.doi.org/10.1002/andp.19053221004"
}

@article{spark,
  title={Spark: Cluster computing with working sets.},
  author={Zaharia, Matei and Chowdhury, Mosharaf and Franklin, Michael J and Shenker, Scott and Stoica, Ion},
  journal={HotCloud},
  volume={10},
  number={10-10},
  pages={95},
  year={2010}
}

@article{musicpowerlaw,
  title={Let the music be your master: Power laws and music listening habits},
  author={Mongiardino Koch, Nicol{\'a}s and Soto, Ignacio M},
  journal={Musicae Scientiae},
  volume={20},
  number={2},
  pages={193--206},
  year={2016},
  publisher={SAGE Publications Sage UK: London, England}
}

@misc{tpch,
  title = {{TPC-H Decision Support Benchmark}},
  author={The Transaction Processing Performance Council},
  howpublished = {\url{http://www.tpc.org/tpch/}}
}

@misc{shapeless,
  title = {{Shapeless: generic programming for Scala}},
  author={Miles Sabin},
  howpublished = {\url{https://github.com/milessabin/shapeless}}
}

@misc{spire,
  title = {{Spire}},
  author={Erik Osheim and Tom Switzer},
  howpublished = {\url{https://github.com/non/shapeless}}
}

@misc{cats,
  title = {{Cats}},
  author={Cats Contributors},
  howpublished = {\url{https://github.com/typelevel/cats}}
}

@misc{algebird,
  title = {{Algebird: Abstract Algebra for Scala}},
  author={Twitter Inc.},
  howpublished = {\url{https://github.com/twitter/algebird}}
}

@inproceedings{dstream,
  title={Discretized streams: Fault-tolerant streaming computation at scale},
  author={Zaharia, Matei and Das, Tathagata and Li, Haoyuan and Hunter, Timothy and Shenker, Scott and Stoica, Ion},
  booktitle={Proceedings of the Twenty-Fourth ACM Symposium on Operating Systems Principles},
  pages={423--438},
  year={2013},
  organization={ACM}
}

@article{melnik2010dremel,
  title={Dremel: interactive analysis of web-scale datasets},
  author={Melnik, Sergey and Gubarev, Andrey and Long, Jing Jing and Romer, Geoffrey and Shivakumar, Shiva and Tolton, Matt and Vassilakis, Theo},
  journal={Proceedings of the VLDB Endowment},
  volume={3},
  number={1-2},
  pages={330--339},
  year={2010},
  publisher={VLDB Endowment}
}

@misc{parquet,
  title = {{Apache Parquet}},
  author={Apache Software Foundation},
  howpublished = {\url{https://parquet.apache.org/}}
}

@inproceedings{grust2009ferry,
  title={FERRY: database-supported program execution},
  author={Grust, Torsten and Mayr, Manuel and Rittinger, Jan and Schreiber, Tom},
  booktitle={Proceedings of the 2009 ACM SIGMOD International Conference on Management of data},
  pages={1063--1066},
  year={2009},
  organization={ACM}
}

@inproceedings{lindley2012row,
  title={Row-based effect types for database integration},
  author={Lindley, Sam and Cheney, James},
  booktitle={Proceedings of the 8th ACM SIGPLAN workshop on Types in language design and implementation},
  pages={91--102},
  year={2012},
  organization={ACM}
}

@article{van2001simulation,
  title={Simulation of the nested relational algebra by the flat relational algebra, with an application to the complexity of evaluating powerset algebra expressions},
  author={Van den Bussche, Jan},
  journal={Theoretical Computer Science},
  volume={254},
  number={1-2},
  pages={363--377},
  year={2001},
  publisher={Elsevier}
}